@article{AVINO201518,
title = {Time varying price discovery},
journal = {Economics Letters},
volume = {126},
pages = {18-21},
year = {2015},
issn = {0165-1765},
doi = {https://doi.org/10.1016/j.econlet.2014.09.030},
url = {https://www.sciencedirect.com/science/article/pii/S0165176514003747},
author = {Davide Avino and Emese Lazar and Simone Varotto},
keywords = {Credit spreads, Price discovery, Multivariate GARCH},
abstract = {We show how multivariate GARCH models can be used to generate a time-varying “information share” (Hasbrouck, 1995) to represent the changing patterns of price discovery in closely related securities. We find that time-varying information shares can improve credit spread predictions.}
}