






@article{doi:10.1080/07350015.1995.10524576,
author = { Jesus   Gonzalo  and  Clive   Granger },
title = {Estimation of Common Long-Memory Components in Cointegrated Systems},
journal = {Journal of Business \& Economic Statistics},
volume = {13},
number = {1},
pages = {27-35},
year  = {1995},
publisher = {Taylor & Francis},
doi = {10.1080/07350015.1995.10524576},

URL = { 
        https://www.tandfonline.com/doi/abs/10.1080/07350015.1995.10524576
    
},
eprint = { 
        https://www.tandfonline.com/doi/pdf/10.1080/07350015.1995.10524576
    
}

}


