






@article{doi:10.1080/14697688.2019.1641347,
author = {C. Alexander and M. Dakos},
title = {A critical investigation of cryptocurrency data and analysis},
journal = {Quantitative Finance},
volume = {20},
number = {2},
pages = {173-188},
year  = {2020},
publisher = {Routledge},
doi = {10.1080/14697688.2019.1641347},

URL = { 
        https://doi.org/10.1080/14697688.2019.1641347
    
},
eprint = { 
        https://doi.org/10.1080/14697688.2019.1641347
    
}

}


